@ARTICLE{2012MNRAS.421.1385V,
   author = {{Voigt}, L.~M. and {Bridle}, S.~L. and {Amara}, A. and {Cropper}, M. and 
	{Kitching}, T.~D. and {Massey}, R. and {Rhodes}, J. and {Schrabback}, T.
	},
    title = "{The impact of galaxy colour gradients on cosmic shear measurement}",
  journal = {\mnras},
archivePrefix = "arXiv",
   eprint = {1105.5595},
 primaryClass = "astro-ph.CO",
 keywords = {gravitational lensing: weak, cosmology: observations, large scale structure of Universe},
     year = 2012,
    month = apr,
   volume = 421,
    pages = {1385-1398},
      doi = {10.1111/j.1365-2966.2011.20395.x},
   adsurl = {http://adsabs.harvard.edu/abs/2012MNRAS.421.1385V},
  adsnote = {Provided by the SAO/NASA Astrophysics Data System}
}

@ARTICLE{2013MNRAS.432.2385S,
   author = {{Semboloni}, E. and {Hoekstra}, H. and {Huang}, Z. and {Cardone}, V.~F. and 
	{Cropper}, M. and {Joachimi}, B. and {Kitching}, T. and {Kuijken}, K. and 
	{Lombardi}, M. and {Maoli}, R. and {Mellier}, Y. and {Miller}, L. and 
	{Rhodes}, J. and {Scaramella}, R. and {Schrabback}, T. and {Velander}, M.
	},
    title = "{On the shear estimation bias induced by the spatial variation of colour across galaxy profiles}",
  journal = {\mnras},
archivePrefix = "arXiv",
   eprint = {1211.5025},
 primaryClass = "astro-ph.CO",
 keywords = {gravitational lensing: weak, surveys},
     year = 2013,
    month = jul,
   volume = 432,
    pages = {2385-2401},
      doi = {10.1093/mnras/stt602},
   adsurl = {http://adsabs.harvard.edu/abs/2013MNRAS.432.2385S},
  adsnote = {Provided by the SAO/NASA Astrophysics Data System}
}

@ARTICLE{2003MNRAS.344.1000B,
   author = {{Bruzual}, G. and {Charlot}, S.},
    title = "{Stellar population synthesis at the resolution of 2003}",
  journal = {\mnras},
   eprint = {astro-ph/0309134},
 keywords = {stars: evolution, galaxies: evolution, galaxies: formation, galaxies: stellar content},
     year = 2003,
    month = oct,
   volume = 344,
    pages = {1000-1028},
      doi = {10.1046/j.1365-8711.2003.06897.x},
   adsurl = {http://adsabs.harvard.edu/abs/2003MNRAS.344.1000B},
  adsnote = {Provided by the SAO/NASA Astrophysics Data System}
}

@ARTICLE{2009ApJ...700..221K,
   author = {{Kriek}, M. and {van Dokkum}, P.~G. and {Labb{\'e}}, I. and 
	{Franx}, M. and {Illingworth}, G.~D. and {Marchesini}, D. and 
	{Quadri}, R.~F.},
    title = "{An Ultra-Deep Near-Infrared Spectrum of a Compact Quiescent Galaxy at z = 2.2}",
  journal = {\apj},
archivePrefix = "arXiv",
   eprint = {0905.1692},
 primaryClass = "astro-ph.CO",
 keywords = {galaxies: evolution, galaxies: formation, galaxies: high-redshift},
     year = 2009,
    month = jul,
   volume = 700,
    pages = {221-231},
      doi = {10.1088/0004-637X/700/1/221},
   adsurl = {http://adsabs.harvard.edu/abs/2009ApJ...700..221K},
  adsnote = {Provided by the SAO/NASA Astrophysics Data System}
}

@ARTICLE{2014MNRAS.438.1880B,
   author = {{Bernstein}, G.~M. and {Armstrong}, R.},
    title = "{Bayesian lensing shear measurement}",
  journal = {\mnras},
archivePrefix = "arXiv",
   eprint = {1304.1843},
 primaryClass = "astro-ph.CO",
 keywords = {gravitational lensing: weak, methods: data analysis},
     year = 2014,
    month = feb,
   volume = 438,
    pages = {1880-1893},
      doi = {10.1093/mnras/stt2326},
   adsurl = {http://adsabs.harvard.edu/abs/2014MNRAS.438.1880B},
  adsnote = {Provided by the SAO/NASA Astrophysics Data System}
}

@ARTICLE{2013MNRAS.429.2858M,
   author = {{Miller}, L. and {Heymans}, C. and {Kitching}, T.~D. and {van Waerbeke}, L. and 
	{Erben}, T. and {Hildebrandt}, H. and {Hoekstra}, H. and {Mellier}, Y. and 
	{Rowe}, B.~T.~P. and {Coupon}, J. and {Dietrich}, J.~P. and 
	{Fu}, L. and {Harnois-D{\'e}raps}, J. and {Hudson}, M.~J. and 
	{Kilbinger}, M. and {Kuijken}, K. and {Schrabback}, T. and {Semboloni}, E. and 
	{Vafaei}, S. and {Velander}, M.},
    title = "{Bayesian galaxy shape measurement for weak lensing surveys - III. Application to the Canada-France-Hawaii Telescope Lensing Survey}",
  journal = {\mnras},
archivePrefix = "arXiv",
   eprint = {1210.8201},
 primaryClass = "astro-ph.CO",
 keywords = {gravitational lensing: weak, methods: data analysis, methods: statistical, cosmology: observations},
     year = 2013,
    month = mar,
   volume = 429,
    pages = {2858-2880},
      doi = {10.1093/mnras/sts454},
   adsurl = {http://adsabs.harvard.edu/abs/2013MNRAS.429.2858M},
  adsnote = {Provided by the SAO/NASA Astrophysics Data System}
}

@ARTICLE{2008MNRAS.390..149K,
   author = {{Kitching}, T.~D. and {Miller}, L. and {Heymans}, C.~E. and 
	{van Waerbeke}, L. and {Heavens}, A.~F.},
    title = "{Bayesian galaxy shape measurement for weak lensing surveys - II. Application to simulations}",
  journal = {\mnras},
archivePrefix = "arXiv",
   eprint = {0802.1528},
 keywords = {gravitational lensing , methods: data analysis , methods: numerical , methods: statistical , cosmology: observation},
     year = 2008,
    month = oct,
   volume = 390,
    pages = {149-167},
      doi = {10.1111/j.1365-2966.2008.13628.x},
   adsurl = {http://adsabs.harvard.edu/abs/2008MNRAS.390..149K},
  adsnote = {Provided by the SAO/NASA Astrophysics Data System}
}

@ARTICLE{2007MNRAS.382..315M,
   author = {{Miller}, L. and {Kitching}, T.~D. and {Heymans}, C. and {Heavens}, A.~F. and 
	{van Waerbeke}, L.},
    title = "{Bayesian galaxy shape measurement for weak lensing surveys - I. Methodology and a fast-fitting algorithm}",
  journal = {\mnras},
archivePrefix = "arXiv",
   eprint = {0708.2340},
 keywords = {gravitational lensing, methods: data analysis, methods: statistical, techniques: miscellaneous},
     year = 2007,
    month = nov,
   volume = 382,
    pages = {315-324},
      doi = {10.1111/j.1365-2966.2007.12363.x},
   adsurl = {http://adsabs.harvard.edu/abs/2007MNRAS.382..315M},
  adsnote = {Provided by the SAO/NASA Astrophysics Data System}
}

@ARTICLE{2004ApJ...617..765C,
   author = {{Coil}, A.~L. and {Newman}, J.~A. and {Kaiser}, N. and {Davis}, M. and 
	{Ma}, C.-P. and {Kocevski}, D.~D. and {Koo}, D.~C.},
    title = "{Evolution and Color Dependence of the Galaxy Angular Correlation Function: 350,000 Galaxies in 5 Square Degrees}",
  journal = {\apj},
   eprint = {astro-ph/0403423},
 keywords = {Galaxies: Evolution, Galaxies: Statistics, Cosmology: Large-Scale Structure of Universe},
     year = 2004,
    month = dec,
   volume = 617,
    pages = {765-781},
      doi = {10.1086/425676},
   adsurl = {http://adsabs.harvard.edu/abs/2004ApJ...617..765C},
  adsnote = {Provided by the SAO/NASA Astrophysics Data System}
}

@ARTICLE{2003A&A...401...73W,
   author = {{Wolf}, C. and {Meisenheimer}, K. and {Rix}, H.-W. and {Borch}, A. and 
	{Dye}, S. and {Kleinheinrich}, M.},
    title = "{The COMBO-17 survey: Evolution of the galaxy luminosity function from 25 000 galaxies with 0.2{\lt} z {\lt}1.2}",
  journal = {\aap},
   eprint = {astro-ph/0208345},
 keywords = {techniques: photometric, surveys, galaxies: evolution, galaxies: distances and redshifts},
     year = 2003,
    month = apr,
   volume = 401,
    pages = {73-98},
      doi = {10.1051/0004-6361:20021513},
   adsurl = {http://adsabs.harvard.edu/abs/2003A%26A...401...73W},
  adsnote = {Provided by the SAO/NASA Astrophysics Data System}
}

@ARTICLE{2005ApJ...622..116G,
   author = {{Giallongo}, E. and {Salimbeni}, S. and {Menci}, N. and {Zamorani}, G. and 
	{Fontana}, A. and {Dickinson}, M. and {Cristiani}, S. and {Pozzetti}, L.
	},
    title = "{The B-Band Luminosity Function of Red and Blue Galaxies up to z = 3.5}",
  journal = {\apj},
   eprint = {astro-ph/0412044},
 keywords = {Galaxies: Distances and Redshifts, Galaxies: Evolution, Galaxies: Formation},
     year = 2005,
    month = mar,
   volume = 622,
    pages = {116-128},
      doi = {10.1086/427819},
   adsurl = {http://adsabs.harvard.edu/abs/2005ApJ...622..116G},
  adsnote = {Provided by the SAO/NASA Astrophysics Data System}
}

@ARTICLE{2006ApJ...647..853W,
   author = {{Willmer}, C.~N.~A. and {Faber}, S.~M. and {Koo}, D.~C. and 
	{Weiner}, B.~J. and {Newman}, J.~A. and {Coil}, A.~L. and {Connolly}, A.~J. and 
	{Conroy}, C. and {Cooper}, M.~C. and {Davis}, M. and {Finkbeiner}, D.~P. and 
	{Gerke}, B.~F. and {Guhathakurta}, P. and {Harker}, J. and {Kaiser}, N. and 
	{Kassin}, S. and {Konidaris}, N.~P. and {Lin}, L. and {Luppino}, G. and 
	{Madgwick}, D.~S. and {Noeske}, K.~G. and {Phillips}, A.~C. and 
	{Yan}, R.},
    title = "{The Deep Evolutionary Exploratory Probe 2 Galaxy Redshift Survey: The Galaxy Luminosity Function to z\~{}1}",
  journal = {\apj},
   eprint = {astro-ph/0506041},
 keywords = {Galaxies: Distances and Redshifts, Galaxies: Evolution, Galaxies: Luminosity Function, Mass Function},
     year = 2006,
    month = aug,
   volume = 647,
    pages = {853-873},
      doi = {10.1086/505455},
   adsurl = {http://adsabs.harvard.edu/abs/2006ApJ...647..853W},
  adsnote = {Provided by the SAO/NASA Astrophysics Data System}
}

@ARTICLE{2007ApJ...665..265F,
   author = {{Faber}, S.~M. and {Willmer}, C.~N.~A. and {Wolf}, C. and {Koo}, D.~C. and 
	{Weiner}, B.~J. and {Newman}, J.~A. and {Im}, M. and {Coil}, A.~L. and 
	{Conroy}, C. and {Cooper}, M.~C. and {Davis}, M. and {Finkbeiner}, D.~P. and 
	{Gerke}, B.~F. and {Gebhardt}, K. and {Groth}, E.~J. and {Guhathakurta}, P. and 
	{Harker}, J. and {Kaiser}, N. and {Kassin}, S. and {Kleinheinrich}, M. and 
	{Konidaris}, N.~P. and {Kron}, R.~G. and {Lin}, L. and {Luppino}, G. and 
	{Madgwick}, D.~S. and {Meisenheimer}, K. and {Noeske}, K.~G. and 
	{Phillips}, A.~C. and {Sarajedini}, V.~L. and {Schiavon}, R.~P. and 
	{Simard}, L. and {Szalay}, A.~S. and {Vogt}, N.~P. and {Yan}, R.
	},
    title = "{Galaxy Luminosity Functions to z\~{}1 from DEEP2 and COMBO-17: Implications for Red Galaxy Formation}",
  journal = {\apj},
   eprint = {astro-ph/0506044},
 keywords = {Galaxies: Distances and Redshifts, Galaxies: Evolution, Galaxies: Luminosity Function, Mass Function},
     year = 2007,
    month = aug,
   volume = 665,
    pages = {265-294},
      doi = {10.1086/519294},
   adsurl = {http://adsabs.harvard.edu/abs/2007ApJ...665..265F},
  adsnote = {Provided by the SAO/NASA Astrophysics Data System}
}

@ARTICLE{2012MNRAS.420.1518M,
   author = {{Mandelbaum}, R. and {Hirata}, C.~M. and {Leauthaud}, A. and 
	{Massey}, R.~J. and {Rhodes}, J.},
    title = "{Precision simulation of ground-based lensing data using observations from space}",
  journal = {\mnras},
archivePrefix = "arXiv",
   eprint = {1107.4629},
 primaryClass = "astro-ph.CO",
 keywords = {gravitational lensing: weak, methods: data analysis, techniques: image processing, galaxies: structure},
     year = 2012,
    month = feb,
   volume = 420,
    pages = {1518-1540},
      doi = {10.1111/j.1365-2966.2011.20138.x},
   adsurl = {http://adsabs.harvard.edu/abs/2012MNRAS.420.1518M},
  adsnote = {Provided by the SAO/NASA Astrophysics Data System}
}

@ARTICLE{2012MNRAS.423.3163K,
   author = {{Kitching}, T.~D. and {Balan}, S.~T. and {Bridle}, S. and {Cantale}, N. and 
	{Courbin}, F. and {Eifler}, T. and {Gentile}, M. and {Gill}, M.~S.~S. and 
	{Harmeling}, S. and {Heymans}, C. and {Hirsch}, M. and {Honscheid}, K. and 
	{Kacprzak}, T. and {Kirkby}, D. and {Margala}, D. and {Massey}, R.~J. and 
	{Melchior}, P. and {Nurbaeva}, G. and {Patton}, K. and {Rhodes}, J. and 
	{Rowe}, B.~T.~P. and {Taylor}, A.~N. and {Tewes}, M. and {Viola}, M. and 
	{Witherick}, D. and {Voigt}, L. and {Young}, J. and {Zuntz}, J.
	},
    title = "{Image analysis for cosmology: results from the GREAT10 Galaxy Challenge}",
  journal = {\mnras},
archivePrefix = "arXiv",
   eprint = {1202.5254},
 primaryClass = "astro-ph.CO",
 keywords = {gravitational lensing: weak, methods: statistical, techniques: image processing, cosmology: observations},
     year = 2012,
    month = jul,
   volume = 423,
    pages = {3163-3208},
      doi = {10.1111/j.1365-2966.2012.21095.x},
   adsurl = {http://adsabs.harvard.edu/abs/2012MNRAS.423.3163K},
  adsnote = {Provided by the SAO/NASA Astrophysics Data System}
}

@ARTICLE{2010MNRAS.405.2044B,
   author = {{Bridle}, S. and {Balan}, S.~T. and {Bethge}, M. and {Gentile}, M. and 
	{Harmeling}, S. and {Heymans}, C. and {Hirsch}, M. and {Hosseini}, R. and 
	{Jarvis}, M. and {Kirk}, D. and {Kitching}, T. and {Kuijken}, K. and 
	{Lewis}, A. and {Paulin-Henriksson}, S. and {Sch{\"o}lkopf}, B. and 
	{Velander}, M. and {Voigt}, L. and {Witherick}, D. and {Amara}, A. and 
	{Bernstein}, G. and {Courbin}, F. and {Gill}, M. and {Heavens}, A. and 
	{Mandelbaum}, R. and {Massey}, R. and {Moghaddam}, B. and {Rassat}, A. and 
	{R{\'e}fr{\'e}gier}, A. and {Rhodes}, J. and {Schrabback}, T. and 
	{Shawe-Taylor}, J. and {Shmakova}, M. and {van Waerbeke}, L. and 
	{Wittman}, D.},
    title = "{Results of the GREAT08 Challenge: an image analysis competition for cosmological lensing}",
  journal = {\mnras},
archivePrefix = "arXiv",
   eprint = {0908.0945},
 primaryClass = "astro-ph.CO",
 keywords = {gravitational lensing: weak, methods: data analysis, methods: statistical, techniques: image processing, cosmology: observations, large-scale structure of Universe},
     year = 2010,
    month = jul,
   volume = 405,
    pages = {2044-2061},
      doi = {10.1111/j.1365-2966.2010.16598.x},
   adsurl = {http://adsabs.harvard.edu/abs/2010MNRAS.405.2044B},
  adsnote = {Provided by the SAO/NASA Astrophysics Data System}
}

@ARTICLE{2014arXiv1402.1172C,
   author = {{Carollo}, C.~M. and {Cibinel}, A. and {Lilly}, S.~J. and {Pipino}, A. and 
	{Bonoli}, S. and {Finoguenov}, A. and {Miniati}, F. and {Norberg}, P. and 
	{Silverman}, J.~D.},
    title = "{ZENS IV. Similar Morphological Changes associated with Mass- and Environment-Quenching, and the Relative importance of Bulge Growth versus the Fading of Disks}",
  journal = {preprint (arXiv:1402.1172)},
archivePrefix = "arXiv",
   eprint = {1402.1172},
 primaryClass = "astro-ph.CO",
 keywords = {Astrophysics - Cosmology and Extragalactic Astrophysics},
     year = 2014,
    month = feb,
   adsurl = {http://adsabs.harvard.edu/abs/2014arXiv1402.1172C},
  adsnote = {Provided by the SAO/NASA Astrophysics Data System}
}

@ARTICLE{2014MNRAS.444.2200D,
   author = {{De Propris}, R. and {Baldry}, I.~K. and {Bland-Hawthorn}, J. and 
	{Brough}, S. and {Driver}, S.~P. and {Hopkins}, A.~M. and {Kelvin}, L. and 
	{Loveday}, J. and {Phillipps}, S. and {Robotham}, A.~S.~G.},
    title = "{Galaxy and Mass Assembly (GAMA): merging galaxies and their properties}",
  journal = {\mnras},
archivePrefix = "arXiv",
   eprint = {1407.4996},
 keywords = {galaxies: formation, galaxies: interactions},
     year = 2014,
    month = nov,
   volume = 444,
    pages = {2200-2211},
      doi = {10.1093/mnras/stu1452},
   adsurl = {http://adsabs.harvard.edu/abs/2014MNRAS.444.2200D},
  adsnote = {Provided by the SAO/NASA Astrophysics Data System}
}

@ARTICLE{2014arXiv1407.7676R,
   author = {{Rowe}, B. and {Jarvis}, M. and {Mandelbaum}, R. and {Bernstein}, G.~M. and 
	{Bosch}, J. and {Simet}, M. and {Meyers}, J.~E. and {Kacprzak}, T. and 
	{Nakajima}, R. and {Zuntz}, J. and {Miyatake}, H. and {Dietrich}, J.~P. and 
	{Armstrong}, R. and {Melchior}, P. and {Gill}, M.~S.~S.},
    title = "{GalSim: The modular galaxy image simulation toolkit}",
  journal = {preprint (arXiv:1407.7676)},
archivePrefix = "arXiv",
   eprint = {1407.7676},
 primaryClass = "astro-ph.IM",
 keywords = {Astrophysics - Instrumentation and Methods for Astrophysics, Astrophysics - Cosmology and Nongalactic Astrophysics, 85-04},
     year = 2014,
    month = jul,
   adsurl = {http://adsabs.harvard.edu/abs/2014arXiv1407.7676R},
  adsnote = {Provided by the SAO/NASA Astrophysics Data System}
}

@ARTICLE{2014ApJS..212....5M,
   author = {{Mandelbaum}, R. and {Rowe}, B. and {Bosch}, J. and {Chang}, C. and 
	{Courbin}, F. and {Gill}, M. and {Jarvis}, M. and {Kannawadi}, A. and 
	{Kacprzak}, T. and {Lackner}, C. and {Leauthaud}, A. and {Miyatake}, H. and 
	{Nakajima}, R. and {Rhodes}, J. and {Simet}, M. and {Zuntz}, J. and 
	{Armstrong}, B. and {Bridle}, S. and {Coupon}, J. and {Dietrich}, J.~P. and 
	{Gentile}, M. and {Heymans}, C. and {Jurling}, A.~S. and {Kent}, S.~M. and 
	{Kirkby}, D. and {Margala}, D. and {Massey}, R. and {Melchior}, P. and 
	{Peterson}, J. and {Roodman}, A. and {Schrabback}, T.},
    title = "{The Third Gravitational Lensing Accuracy Testing (GREAT3) Challenge Handbook}",
  journal = {\apjs},
archivePrefix = "arXiv",
   eprint = {1308.4982},
 keywords = {gravitational lensing: weak, methods: data analysis, methods: statistical, techniques: image processing },
     year = 2014,
    month = may,
   volume = 212,
      eid = {5},
    pages = {5},
      doi = {10.1088/0067-0049/212/1/5},
   adsurl = {http://adsabs.harvard.edu/abs/2014ApJS..212....5M},
  adsnote = {Provided by the SAO/NASA Astrophysics Data System}
}

@ARTICLE{2013ApJ...765...74J,
   author = {{Jee}, M.~J. and {Tyson}, J.~A. and {Schneider}, M.~D. and {Wittman}, D. and 
	{Schmidt}, S. and {Hilbert}, S.},
    title = "{Cosmic Shear Results from the Deep Lens Survey. I. Joint Constraints on {$\Omega$}$_{ M }$ and {$\sigma$}$_{8}$ with a Two-dimensional Analysis}",
  journal = {\apj},
archivePrefix = "arXiv",
   eprint = {1210.2732},
 primaryClass = "astro-ph.CO",
 keywords = {cosmological parameters, cosmology: observations, dark matter, gravitational lensing: weak, large-scale structure of universe },
     year = 2013,
    month = mar,
   volume = 765,
      eid = {74},
    pages = {74},
      doi = {10.1088/0004-637X/765/1/74},
   adsurl = {http://adsabs.harvard.edu/abs/2013ApJ...765...74J},
  adsnote = {Provided by the SAO/NASA Astrophysics Data System}
}

@ARTICLE{2013MNRAS.432.2433H,
   author = {{Heymans}, C. and {Grocutt}, E. and {Heavens}, A. and {Kilbinger}, M. and 
	{Kitching}, T.~D. and {Simpson}, F. and {Benjamin}, J. and {Erben}, T. and 
	{Hildebrandt}, H. and {Hoekstra}, H. and {Mellier}, Y. and {Miller}, L. and 
	{Van Waerbeke}, L. and {Brown}, M.~L. and {Coupon}, J. and {Fu}, L. and 
	{Harnois-D{\'e}raps}, J. and {Hudson}, M.~J. and {Kuijken}, K. and 
	{Rowe}, B. and {Schrabback}, T. and {Semboloni}, E. and {Vafaei}, S. and 
	{Velander}, M.},
    title = "{CFHTLenS tomographic weak lensing cosmological parameter constraints: Mitigating the impact of intrinsic galaxy alignments}",
  journal = {\mnras},
archivePrefix = "arXiv",
   eprint = {1303.1808},
 primaryClass = "astro-ph.CO",
 keywords = {cosmology: observations},
     year = 2013,
    month = jul,
   volume = 432,
    pages = {2433-2453},
      doi = {10.1093/mnras/stt601},
   adsurl = {http://adsabs.harvard.edu/abs/2013MNRAS.432.2433H},
  adsnote = {Provided by the SAO/NASA Astrophysics Data System}
}

@ARTICLE{2011MNRAS.415.3649V,
   author = {{van Daalen}, M.~P. and {Schaye}, J. and {Booth}, C.~M. and 
	{Dalla Vecchia}, C.},
    title = "{The effects of galaxy formation on the matter power spectrum: a challenge for precision cosmology}",
  journal = {\mnras},
archivePrefix = "arXiv",
   eprint = {1104.1174},
 primaryClass = "astro-ph.CO",
 keywords = {gravitational lensing: weak, surveys, galaxies: formation, cosmology: theory, large-scale structure of Universe},
     year = 2011,
    month = aug,
   volume = 415,
    pages = {3649-3665},
      doi = {10.1111/j.1365-2966.2011.18981.x},
   adsurl = {http://adsabs.harvard.edu/abs/2011MNRAS.415.3649V},
  adsnote = {Provided by the SAO/NASA Astrophysics Data System}
}

@ARTICLE{2010A&A...516A..63S,
   author = {{Schrabback}, T. and {Hartlap}, J. and {Joachimi}, B. and {Kilbinger}, M. and 
	{Simon}, P. and {Benabed}, K. and {Brada{\v c}}, M. and {Eifler}, T. and 
	{Erben}, T. and {Fassnacht}, C.~D. and {High}, F.~W. and {Hilbert}, S. and 
	{Hildebrandt}, H. and {Hoekstra}, H. and {Kuijken}, K. and {Marshall}, P.~J. and 
	{Mellier}, Y. and {Morganson}, E. and {Schneider}, P. and {Semboloni}, E. and 
	{van Waerbeke}, L. and {Velander}, M.},
    title = "{Evidence of the accelerated expansion of the Universe from weak lensing tomography with COSMOS}",
  journal = {\aap},
archivePrefix = "arXiv",
   eprint = {0911.0053},
 primaryClass = "astro-ph.CO",
 keywords = {cosmological parameters, dark matter, large-scale structure of Universe, gravitational lensing: weak},
     year = 2010,
    month = jun,
   volume = 516,
      eid = {A63},
    pages = {A63},
      doi = {10.1051/0004-6361/200913577},
   adsurl = {http://adsabs.harvard.edu/abs/2010A%26A...516A..63S},
  adsnote = {Provided by the SAO/NASA Astrophysics Data System}
}

@ARTICLE{2010MNRAS.406.2793B,
   author = {{Bernstein}, G.~M.},
    title = "{Shape measurement biases from underfitting and ellipticity gradients}",
  journal = {\mnras},
archivePrefix = "arXiv",
   eprint = {1001.2333},
 primaryClass = "astro-ph.IM",
 keywords = {gravitational lensing: weak, techniques: image processing, methods: data analysis},
     year = 2010,
    month = aug,
   volume = 406,
    pages = {2793-2804},
      doi = {10.1111/j.1365-2966.2010.16883.x},
   adsurl = {http://adsabs.harvard.edu/abs/2010MNRAS.406.2793B},
  adsnote = {Provided by the SAO/NASA Astrophysics Data System}
}

@ARTICLE{2012MNRAS.425.1951R,
   author = {{Refregier}, A. and {Kacprzak}, T. and {Amara}, A. and {Bridle}, S. and 
	{Rowe}, B.},
    title = "{Noise bias in weak lensing shape measurements}",
  journal = {\mnras},
archivePrefix = "arXiv",
   eprint = {1203.5050},
 primaryClass = "astro-ph.CO",
 keywords = {gravitational lensing: weak, methods: statistical, techniques: image processing, cosmology: observations, dark energy, dark matter },
     year = 2012,
    month = sep,
   volume = 425,
    pages = {1951-1957},
      doi = {10.1111/j.1365-2966.2012.21483.x},
   adsurl = {http://adsabs.harvard.edu/abs/2012MNRAS.425.1951R},
  adsnote = {Provided by the SAO/NASA Astrophysics Data System}
}

@ARTICLE{2012MNRAS.427.2711K,
   author = {{Kacprzak}, T. and {Zuntz}, J. and {Rowe}, B. and {Bridle}, S. and 
	{Refregier}, A. and {Amara}, A. and {Voigt}, L. and {Hirsch}, M.
	},
    title = "{Measurement and calibration of noise bias in weak lensing galaxy shape estimation}",
  journal = {\mnras},
archivePrefix = "arXiv",
   eprint = {1203.5049},
 primaryClass = "astro-ph.CO",
 keywords = {gravitational lensing: weak, methods: data analysis, methods: statistical, techniques: image processing, cosmology: observations},
     year = 2012,
    month = dec,
   volume = 427,
    pages = {2711-2722},
      doi = {10.1111/j.1365-2966.2012.21622.x},
   adsurl = {http://adsabs.harvard.edu/abs/2012MNRAS.427.2711K},
  adsnote = {Provided by the SAO/NASA Astrophysics Data System}
}
@ARTICLE{2012MNRAS.424.2757M,
   author = {{Melchior}, P. and {Viola}, M.},
    title = "{Means of confusion: how pixel noise affects shear estimates for weak gravitational lensing}",
  journal = {\mnras},
archivePrefix = "arXiv",
   eprint = {1204.5147},
 primaryClass = "astro-ph.IM",
 keywords = {gravitational lensing: weak, techniques: image processing },
     year = 2012,
    month = aug,
   volume = 424,
    pages = {2757-2769},
      doi = {10.1111/j.1365-2966.2012.21381.x},
   adsurl = {http://adsabs.harvard.edu/abs/2012MNRAS.424.2757M},
  adsnote = {Provided by the SAO/NASA Astrophysics Data System}
}

@ARTICLE{2010A&A...510A..75M,
   author = {{Melchior}, P. and {B{\"o}hnert}, A. and {Lombardi}, M. and 
	{Bartelmann}, M.},
    title = "{Limitations on shapelet-based weak-lensing measurements}",
  journal = {\aap},
archivePrefix = "arXiv",
   eprint = {0906.5092},
 primaryClass = "astro-ph.IM",
 keywords = {gravitational lensing: weak, techniques: image processing, methods: numerical},
     year = 2010,
    month = feb,
   volume = 510,
      eid = {A75},
    pages = {A75},
      doi = {10.1051/0004-6361/200912785},
   adsurl = {http://adsabs.harvard.edu/abs/2010A%26A...510A..75M},
  adsnote = {Provided by the SAO/NASA Astrophysics Data System}
}

@ARTICLE{2010MNRAS.404..458V,
   author = {{Voigt}, L.~M. and {Bridle}, S.~L.},
    title = "{Limitations of model-fitting methods for lensing shear estimation}",
  journal = {\mnras},
archivePrefix = "arXiv",
   eprint = {0905.4801},
 primaryClass = "astro-ph.CO",
 keywords = {gravitational lensing, methods: data analysis, cosmology: observations},
     year = 2010,
    month = may,
   volume = 404,
    pages = {458-467},
      doi = {10.1111/j.1365-2966.2010.16300.x},
   adsurl = {http://adsabs.harvard.edu/abs/2010MNRAS.404..458V},
  adsnote = {Provided by the SAO/NASA Astrophysics Data System}
}

@ARTICLE{2013MNRAS.432.1544M,
   author = {{Mandelbaum}, R. and {Slosar}, A. and {Baldauf}, T. and {Seljak}, U. and 
	{Hirata}, C.~M. and {Nakajima}, R. and {Reyes}, R. and {Smith}, R.~E.
	},
    title = "{Cosmological parameter constraints from galaxy-galaxy lensing and galaxy clustering with the SDSS DR7}",
  journal = {\mnras},
archivePrefix = "arXiv",
   eprint = {1207.1120},
 primaryClass = "astro-ph.CO",
 keywords = {gravitational lensing: weak, cosmological parameters, cosmology: observations, large-scale structure of Universe},
     year = 2013,
    month = jun,
   volume = 432,
    pages = {1544-1575},
      doi = {10.1093/mnras/stt572},
   adsurl = {http://adsabs.harvard.edu/abs/2013MNRAS.432.1544M},
  adsnote = {Provided by the SAO/NASA Astrophysics Data System}
}

@ARTICLE{2014arXiv1407.6990T,
   author = {{Troxel}, M.~A. and {Ishak}, M.},
    title = "{The Intrinsic Alignment of Galaxies and its Impact on Weak Gravitational Lensing in an Era of Precision Cosmology}",
  journal = {preprint (arXiv:1407.6990)},
archivePrefix = "arXiv",
   eprint = {1407.6990},
 keywords = {Astrophysics - Cosmology and Nongalactic Astrophysics, Astrophysics - Astrophysics of Galaxies, General Relativity and Quantum Cosmology},
     year = 2014,
    month = jul,
   adsurl = {http://adsabs.harvard.edu/abs/2014arXiv1407.6990T},
  adsnote = {Provided by the SAO/NASA Astrophysics Data System}
}

@ARTICLE{2013PhR...530...87W,
   author = {{Weinberg}, D.~H. and {Mortonson}, M.~J. and {Eisenstein}, D.~J. and 
	{Hirata}, C. and {Riess}, A.~G. and {Rozo}, E.},
    title = "{Observational probes of cosmic acceleration}",
  journal = {\physrep},
archivePrefix = "arXiv",
   eprint = {1201.2434},
 primaryClass = "astro-ph.CO",
     year = 2013,
    month = sep,
   volume = 530,
    pages = {87-255},
      doi = {10.1016/j.physrep.2013.05.001},
   adsurl = {http://adsabs.harvard.edu/abs/2013PhR...530...87W},
  adsnote = {Provided by the SAO/NASA Astrophysics Data System}
}

@ARTICLE{2001PhR...340..291B,
   author = {{Bartelmann}, M. and {Schneider}, P.},
    title = "{Weak gravitational lensing}",
  journal = {\physrep},
   eprint = {astro-ph/9912508},
     year = 2001,
    month = jan,
   volume = 340,
    pages = {291-472},
      doi = {10.1016/S0370-1573(00)00082-X},
   adsurl = {http://adsabs.harvard.edu/abs/2001PhR...340..291B},
  adsnote = {Provided by the SAO/NASA Astrophysics Data System}
}

@ARTICLE{2006astro.ph..9591A,
   author = {{Albrecht}, A. and {Bernstein}, G. and {Cahn}, R. and {Freedman}, W.~L. and 
	{Hewitt}, J. and {Hu}, W. and {Huth}, J. and {Kamionkowski}, M. and 
	{Kolb}, E.~W. and {Knox}, L. and {Mather}, J.~C. and {Staggs}, S. and 
	{Suntzeff}, N.~B.},
    title = "{Report of the Dark Energy Task Force}",
  journal = {preprint (arXiv:astro-ph/0609591)},
   eprint = {astro-ph/0609591},
 keywords = {Astrophysics},
     year = 2006,
    month = sep,
   adsurl = {http://adsabs.harvard.edu/abs/2006astro.ph..9591A},
  adsnote = {Provided by the SAO/NASA Astrophysics Data System}
}

@ARTICLE{EuclidReport,
   author = {{Laureijs}, R. and {Amiaux}, J. and {Arduini}, S. and {Augu{\`e}res}, J.~-. and 
	{Brinchmann}, J. and {Cole}, R. and {Cropper}, M. and {Dabin}, C. and 
	{Duvet}, L. and {Ealet}, A. and et al.},
    title = "{Euclid Definition Study Report}",
  journal = {preprint (arXiv:1110.3193)},
archivePrefix = "arXiv",
   eprint = {1110.3193},
 primaryClass = "astro-ph.CO",
 keywords = {Astrophysics - Cosmology and Extragalactic Astrophysics, Astrophysics - Galaxy Astrophysics},
     year = 2011,
    month = oct,
   adsurl = {http://adsabs.harvard.edu/abs/2011arXiv1110.3193L},
  adsnote = {Provided by the SAO/NASA Astrophysics Data System}
}

@article{Claire_Fits,
   author = {{Lackner}, C.~N. and {Gunn}, J.~E.},
    title = "{Astrophysically motivated bulge-disc decompositions of Sloan Digital Sky Survey galaxies}",
  journal = {\mnras},
archivePrefix = "arXiv",
   eprint = {1201.0763},
 primaryClass = "astro-ph.CO",
 keywords = {galaxies: bulges, galaxies: evolution, galaxies: photometry, galaxies: structure},
     year = 2012,
    month = apr,
   volume = 421,
    pages = {2277-2302},
      doi = {10.1111/j.1365-2966.2012.20450.x},
   adsurl = {http://adsabs.harvard.edu/abs/2012MNRAS.421.2277L},
  adsnote = {Provided by the SAO/NASA Astrophysics Data System}
}


@ARTICLE{COSMOS_overview,
   author = {{Scoville}, N. and {Aussel}, H. and {Brusa}, M. and {Capak}, P. and 
	{Carollo}, C.~M. and {Elvis}, M. and {Giavalisco}, M. and {Guzzo}, L. and 
	{Hasinger}, G. and {Impey}, C. and {Kneib}, J.-P. and {LeFevre}, O. and 
	{Lilly}, S.~J. and {Mobasher}, B. and {Renzini}, A. and {Rich}, R.~M. and 
	{Sanders}, D.~B. and {Schinnerer}, E. and {Schminovich}, D. and 
	{Shopbell}, P. and {Taniguchi}, Y. and {Tyson}, N.~D.},
    title = "{The Cosmic Evolution Survey (COSMOS): Overview}",
  journal = {\apjs},
   eprint = {astro-ph/0612305},
 keywords = {Cosmology: Observations, Cosmology: Dark Matter, Galaxies: Evolution, Galaxies: Formation, Cosmology: Large-Scale Structure of Universe, Surveys},
     year = 2007,
    month = sep,
   volume = 172,
    pages = {1-8},
      doi = {10.1086/516585},
   adsurl = {http://adsabs.harvard.edu/abs/2007ApJS..172....1S},
  adsnote = {Provided by the SAO/NASA Astrophysics Data System}
}

@ARTICLE{COSMOS_generic,
   author = {{Koekemoer}, A.~M. and {Aussel}, H. and {Calzetti}, D. and {Capak}, P. and 
	{Giavalisco}, M. and {Kneib}, J.-P. and {Leauthaud}, A. and 
	{Le F{\`e}vre}, O. and {McCracken}, H.~J. and {Massey}, R. and 
	{Mobasher}, B. and {Rhodes}, J. and {Scoville}, N. and {Shopbell}, P.~L.
	},
    title = "{The COSMOS Survey: Hubble Space Telescope Advanced Camera for Surveys Observations and Data Processing}",
  journal = {\apjs},
   eprint = {astro-ph/0703095},
 keywords = {Cosmology: Observations, Cosmology: Dark Matter, Galaxies: Evolution, Galaxies: Formation, Cosmology: Large-Scale Structure of Universe, Surveys},
     year = 2007,
    month = sep,
   volume = 172,
    pages = {196-202},
      doi = {10.1086/520086},
   adsurl = {http://adsabs.harvard.edu/abs/2007ApJS..172..196K},
  adsnote = {Provided by the SAO/NASA Astrophysics Data System}
}

@ARTICLE{COSMOS_Alexie,
   author = {{Leauthaud}, A. and {Massey}, R. and {Kneib}, J.-P. and {Rhodes}, J. and 
	{Johnston}, D.~E. and {Capak}, P. and {Heymans}, C. and {Ellis}, R.~S. and 
	{Koekemoer}, A.~M. and {Le F{\`e}vre}, O. and {Mellier}, Y. and 
	{R{\'e}fr{\'e}gier}, A. and {Robin}, A.~C. and {Scoville}, N. and 
	{Tasca}, L. and {Taylor}, J.~E. and {Van Waerbeke}, L.},
    title = "{Weak Gravitational Lensing with COSMOS: Galaxy Selection and Shape Measurements}",
  journal = {\apjs},
   eprint = {astro-ph/0702359},
 keywords = {Cosmology: Observations, Cosmology: Gravitational Lensing, Cosmology: Large-Scale Structure of Universe},
     year = 2007,
    month = sep,
   volume = 172,
    pages = {219-238},
      doi = {10.1086/516598},
   adsurl = {http://adsabs.harvard.edu/abs/2007ApJS..172..219L},
  adsnote = {Provided by the SAO/NASA Astrophysics Data System}
}


@ARTICLE{COSMOS_XRAY,
   author = {{Leauthaud}, A. and {Finoguenov}, A. and {Kneib}, J.-P. and 
	{Taylor}, J.~E. and {Massey}, R. and {Rhodes}, J. and {Ilbert}, O. and 
	{Bundy}, K. and {Tinker}, J. and {George}, M.~R. and {Capak}, P. and 
	{Koekemoer}, A.~M. and {Johnston}, D.~E. and {Zhang}, Y.-Y. and 
	{Cappelluti}, N. and {Ellis}, R.~S. and {Elvis}, M. and {Giodini}, S. and 
	{Heymans}, C. and {Le F{\`e}vre}, O. and {Lilly}, S. and {McCracken}, H.~J. and 
	{Mellier}, Y. and {R{\'e}fr{\'e}gier}, A. and {Salvato}, M. and 
	{Scoville}, N. and {Smoot}, G. and {Tanaka}, M. and {Van Waerbeke}, L. and 
	{Wolk}, M.},
    title = "{A Weak Lensing Study of X-ray Groups in the Cosmos Survey: Form and Evolution of the Mass-Luminosity Relation}",
  journal = {\apj},
archivePrefix = "arXiv",
   eprint = {0910.5219},
 primaryClass = "astro-ph.CO",
 keywords = {cosmology: observations, gravitational lensing, large-scale structure of universe},
     year = 2010,
    month = jan,
   volume = 709,
    pages = {97-114},
      doi = {10.1088/0004-637X/709/1/97},
   adsurl = {http://adsabs.harvard.edu/abs/2010ApJ...709...97L},
  adsnote = {Provided by the SAO/NASA Astrophysics Data System}
}


@ARTICLE{COSMOS_photoz,
   author = {{Mobasher}, B. and {Capak}, P. and {Scoville}, N.~Z. and {Dahlen}, T. and 
	{Salvato}, M. and {Aussel}, H. and {Thompson}, D.~J. and {Feldmann}, R. and 
	{Tasca}, L. and {Le Fevre}, O. and {Lilly}, S. and {Carollo}, C.~M. and 
	{Kartaltepe}, J.~S. and {McCracken}, H. and {Mould}, J. and 
	{Renzini}, A. and {Sanders}, D.~B. and {Shopbell}, P.~L. and 
	{Taniguchi}, Y. and {Ajiki}, M. and {Shioya}, Y. and {Contini}, T. and 
	{Giavalisco}, M. and {Ilbert}, O. and {Iovino}, A. and {Le Brun}, V. and 
	{Mainieri}, V. and {Mignoli}, M. and {Scodeggio}, M.},
    title = "{Photometric Redshifts of Galaxies in COSMOS}",
  journal = {\apjs},
   eprint = {astro-ph/0612344},
 keywords = {Galaxies: Distances and Redshifts, Galaxies: Evolution, Galaxies: Starburst, Surveys},
     year = 2007,
    month = sep,
   volume = 172,
    pages = {117-131},
      doi = {10.1086/516590},
   adsurl = {http://adsabs.harvard.edu/abs/2007ApJS..172..117M},
  adsnote = {Provided by the SAO/NASA Astrophysics Data System}
}

@ARTICLE{COSMOS_Photoz_30band,
   author = {{Ilbert}, O. and {Capak}, P. and {Salvato}, M. and {Aussel}, H. and 
	{McCracken}, H.~J. and {Sanders}, D.~B. and {Scoville}, N. and 
	{Kartaltepe}, J. and {Arnouts}, S. and {Le Floc'h}, E. and {Mobasher}, B. and 
	{Taniguchi}, Y. and {Lamareille}, F. and {Leauthaud}, A. and 
	{Sasaki}, S. and {Thompson}, D. and {Zamojski}, M. and {Zamorani}, G. and 
	{Bardelli}, S. and {Bolzonella}, M. and {Bongiorno}, A. and 
	{Brusa}, M. and {Caputi}, K.~I. and {Carollo}, C.~M. and {Contini}, T. and 
	{Cook}, R. and {Coppa}, G. and {Cucciati}, O. and {de la Torre}, S. and 
	{de Ravel}, L. and {Franzetti}, P. and {Garilli}, B. and {Hasinger}, G. and 
	{Iovino}, A. and {Kampczyk}, P. and {Kneib}, J.-P. and {Knobel}, C. and 
	{Kovac}, K. and {Le Borgne}, J.~F. and {Le Brun}, V. and {F{\`e}vre}, O.~L. and 
	{Lilly}, S. and {Looper}, D. and {Maier}, C. and {Mainieri}, V. and 
	{Mellier}, Y. and {Mignoli}, M. and {Murayama}, T. and {Pell{\`o}}, R. and 
	{Peng}, Y. and {P{\'e}rez-Montero}, E. and {Renzini}, A. and 
	{Ricciardelli}, E. and {Schiminovich}, D. and {Scodeggio}, M. and 
	{Shioya}, Y. and {Silverman}, J. and {Surace}, J. and {Tanaka}, M. and 
	{Tasca}, L. and {Tresse}, L. and {Vergani}, D. and {Zucca}, E.
	},
    title = "{Cosmos Photometric Redshifts with 30-Bands for 2-deg$^{2}$}",
  journal = {\apj},
archivePrefix = "arXiv",
   eprint = {0809.2101},
 keywords = {galaxies: distances and redshifts, galaxies: evolution, galaxies: formation},
     year = 2009,
    month = jan,
   volume = 690,
    pages = {1236-1249},
      doi = {10.1088/0004-637X/690/2/1236},
   adsurl = {http://adsabs.harvard.edu/abs/2009ApJ...690.1236I},
  adsnote = {Provided by the SAO/NASA Astrophysics Data System}
}
@ARTICLE{Kovac_Density10k,
   author = {{Kova{\v c}}, K. and {Lilly}, S.~J. and {Cucciati}, O. and {Porciani}, C. and 
	{Iovino}, A. and {Zamorani}, G. and {Oesch}, P. and {Bolzonella}, M. and 
	{Knobel}, C. and {Finoguenov}, A. and {Peng}, Y. and {Carollo}, C.~M. and 
	{Pozzetti}, L. and {Caputi}, K. and {Silverman}, J.~D. and {Tasca}, L.~A.~M. and 
	{Scodeggio}, M. and {Vergani}, D. and {Scoville}, N.~Z. and 
	{Capak}, P. and {Contini}, T. and {Kneib}, J.-P. and {Le F{\`e}vre}, O. and 
	{Mainieri}, V. and {Renzini}, A. and {Bardelli}, S. and {Bongiorno}, A. and 
	{Coppa}, G. and {de la Torre}, S. and {de Ravel}, L. and {Franzetti}, P. and 
	{Garilli}, B. and {Guzzo}, L. and {Kampczyk}, P. and {Lamareille}, F. and 
	{Le Borgne}, J.-F. and {Le Brun}, V. and {Maier}, C. and {Mignoli}, M. and 
	{Pello}, R. and {Perez Montero}, E. and {Ricciardelli}, E. and 
	{Tanaka}, M. and {Tresse}, L. and {Zucca}, E. and {Abbas}, U. and 
	{Bottini}, D. and {Cappi}, A. and {Cassata}, P. and {Cimatti}, A. and 
	{Fumana}, M. and {Koekemoer}, A.~M. and {Maccagni}, D. and {Marinoni}, C. and 
	{McCracken}, H.~J. and {Memeo}, P. and {Meneux}, B. and {Scaramella}, R.
	},
    title = "{The Density Field of the 10k zCOSMOS Galaxies}",
  journal = {\apj},
archivePrefix = "arXiv",
   eprint = {0903.3409},
 primaryClass = "astro-ph.CO",
 keywords = {galaxies: high-redshift, large-scale structure of universe, surveys},
     year = 2010,
    month = jan,
   volume = 708,
    pages = {505-533},
      doi = {10.1088/0004-637X/708/1/505},
   adsurl = {http://adsabs.harvard.edu/abs/2010ApJ...708..505K},
  adsnote = {Provided by the SAO/NASA Astrophysics Data System}
}

@ARTICLE{Redshift_modelling,
   author = {{Baugh}, C.~M. and {Efstathiou}, G.},
    title = "{The Three-Dimensional Power Spectrum Measured from the APM Galaxy Survey - Part One - Use of the Angular Correlation Function}",
  journal = {\mnras},
     year = 1993,
    month = nov,
   volume = 265,
    pages = {145},
   adsurl = {http://adsabs.harvard.edu/abs/1993MNRAS.265..145B},
  adsnote = {Provided by the SAO/NASA Astrophysics Data System}
}

@MISC{SHERA,
   author = {{Mandelbaum}, R. and {Hirata}, C.~M. and {Leauthaud}, A. and 
	{Massey}, R.~J. and {Rhodes}, J.},
    title = "{SHERA: SHEar Reconvolution Analysis}",
     note = {Astrophysics Source Code Library},
     year = 2011,
archivePrefix = "ascl",
   eprint = {1108.002},
    month = aug,
   adsurl = {http://adsabs.harvard.edu/abs/2011ascl.soft08002M},
  adsnote = {Provided by the SAO/NASA Astrophysics Data System}
}

@ARTICLE{great3,
   author = {{Mandelbaum}, R. and {Rowe}, B. and {Bosch}, J. and {Chang}, C. and 
	{Courbin}, F. and {Gill}, M. and {Jarvis}, M. and {Kannawadi}, A. and 
	{Kacprzak}, T. and {Lackner}, C. and {Leauthaud}, A. and {Miyatake}, H. and 
	{Nakajima}, R. and {Rhodes}, J. and {Simet}, M. and {Zuntz}, J. and 
	{Armstrong}, B. and {Bridle}, S. and {Coupon}, J. and {Dietrich}, J.~P. and 
	{Gentile}, M. and {Heymans}, C. and {Jurling}, A.~S. and {Kent}, S.~M. and 
	{Kirkby}, D. and {Margala}, D. and {Massey}, R. and {Melchior}, P. and 
	{Peterson}, J. and {Roodman}, A. and {Schrabback}, T.},
    title = "{The Third Gravitational Lensing Accuracy Testing (GREAT3) Challenge Handbook}",
  journal = {\apjs},
archivePrefix = "arXiv",
   eprint = {1308.4982},
 keywords = {gravitational lensing: weak, methods: data analysis, methods: statistical, techniques: image processing },
     year = 2014,
    month = may,
   volume = 212,
      eid = {5},
    pages = {5},
      doi = {10.1088/0067-0049/212/1/5},
   adsurl = {http://adsabs.harvard.edu/abs/2014ApJS..212....5M},
  adsnote = {Provided by the SAO/NASA Astrophysics Data System}
}

@ARTICLE{Tomczak_SMF,
   author = {{Tomczak}, A.~R. and {Quadri}, R.~F. and {Tran}, K.-V.~H. and 
	{Labb{\'e}}, I. and {Straatman}, C.~M.~S. and {Papovich}, C. and 
	{Glazebrook}, K. and {Allen}, R. and {Brammer}, G.~B. and {Kacprzak}, G.~G. and 
	{Kawinwanichakij}, L. and {Kelson}, D.~D. and {McCarthy}, P.~J. and 
	{Mehrtens}, N. and {Monson}, A.~J. and {Persson}, S.~E. and 
	{Spitler}, L.~R. and {Tilvi}, V. and {van Dokkum}, P.},
    title = "{Galaxy Stellar Mass Functions from ZFOURGE/CANDELS: An Excess of Low-mass Galaxies since z = 2 and the Rapid Buildup of Quiescent Galaxies}",
  journal = {\apj},
archivePrefix = "arXiv",
   eprint = {1309.5972},
 primaryClass = "astro-ph.CO",
 keywords = {galaxies: evolution, galaxies: high-redshift, galaxies: luminosity function, mass function},
     year = 2014,
    month = mar,
   volume = 783,
      eid = {85},
    pages = {85},
      doi = {10.1088/0004-637X/783/2/85},
   adsurl = {http://adsabs.harvard.edu/abs/2014ApJ...783...85T},
  adsnote = {Provided by the SAO/NASA Astrophysics Data System}
}

@ARTICLE{Faber2007,
   author = {{Faber}, S.~M. and {Willmer}, C.~N.~A. and {Wolf}, C. and {Koo}, D.~C. and 
	{Weiner}, B.~J. and {Newman}, J.~A. and {Im}, M. and {Coil}, A.~L. and 
	{Conroy}, C. and {Cooper}, M.~C. and {Davis}, M. and {Finkbeiner}, D.~P. and 
	{Gerke}, B.~F. and {Gebhardt}, K. and {Groth}, E.~J. and {Guhathakurta}, P. and 
	{Harker}, J. and {Kaiser}, N. and {Kassin}, S. and {Kleinheinrich}, M. and 
	{Konidaris}, N.~P. and {Kron}, R.~G. and {Lin}, L. and {Luppino}, G. and 
	{Madgwick}, D.~S. and {Meisenheimer}, K. and {Noeske}, K.~G. and 
	{Phillips}, A.~C. and {Sarajedini}, V.~L. and {Schiavon}, R.~P. and 
	{Simard}, L. and {Szalay}, A.~S. and {Vogt}, N.~P. and {Yan}, R.
	},
    title = "{Galaxy Luminosity Functions to z\~{}1 from DEEP2 and COMBO-17: Implications for Red Galaxy Formation}",
  journal = {\apj},
   eprint = {astro-ph/0506044},
 keywords = {Galaxies: Distances and Redshifts, Galaxies: Evolution, Galaxies: Luminosity Function, Mass Function},
     year = 2007,
    month = aug,
   volume = 665,
    pages = {265-294},
      doi = {10.1086/519294},
   adsurl = {http://adsabs.harvard.edu/abs/2007ApJ...665..265F},
  adsnote = {Provided by the SAO/NASA Astrophysics Data System}
}

@INPROCEEDINGS{HSC_Overview,
   author = {{Miyazaki}, S. and {Komiyama}, Y. and {Nakaya}, H. and {Doi}, Y. and 
	{Furusawa}, H. and {Gillingham}, P. and {Kamata}, Y. and {Takeshi}, K. and 
	{Nariai}, K.},
    title = "{HyperSuprime: project overview}",
booktitle = {Society of Photo-Optical Instrumentation Engineers (SPIE) Conference Series},
     year = 2006,
   series = {Society of Photo-Optical Instrumentation Engineers (SPIE) Conference Series},
   volume = 6269,
    month = jun,
      eid = {62690B},
      doi = {10.1117/12.672739},
   adsurl = {http://adsabs.harvard.edu/abs/2006SPIE.6269E..0BM},
  adsnote = {Provided by the SAO/NASA Astrophysics Data System}
}

@ARTICLE{DESC,
   author = {{The Dark Energy Survey Collaboration}},
    title = "{The Dark Energy Survey}",
  journal = {preprint (arXiv:astro-ph/0510346)},
   eprint = {astro-ph/0510346},
 keywords = {Astrophysics},
     year = 2005,
    month = oct,
   adsurl = {http://adsabs.harvard.edu/abs/2005astro.ph.10346T},
  adsnote = {Provided by the SAO/NASA Astrophysics Data System}
}


@ARTICLE{KIDS,
   author = {{de Jong}, J.~T.~A. and {Kuijken}, K. and {Applegate}, D. and 
	{Begeman}, K. and {Belikov}, A. and {Blake}, C. and {Bout}, J. and 
	{Boxhoorn}, D. and {Buddelmeijer}, H. and {Buddendiek}, A. and 
	{Cacciato}, M. and {Capaccioli}, M. and {Choi}, A. and {Cordes}, O. and 
	{Covone}, G. and {Dall'Ora}, M. and {Edge}, A. and {Erben}, T. and 
	{Franse}, J. and {Getman}, F. and {Grado}, A. and {Harnois-Deraps}, J. and 
	{Helmich}, E. and {Herbonnet}, R. and {Heymans}, C. and {Hildebrandt}, H. and 
	{Hoekstra}, H. and {Huang}, Z. and {Irisarri}, N. and {Joachimi}, B. and 
	{K{\"o}hlinger}, F. and {Kitching}, T. and {La Barbera}, F. and 
	{Lacerda}, P. and {McFarland}, J. and {Miller}, L. and {Nakajima}, R. and 
	{Napolitano}, N.~R. and {Paolillo}, M. and {Peacock}, J. and 
	{Pila-Diez}, B. and {Puddu}, E. and {Radovich}, M. and {Rifatto}, A. and 
	{Schneider}, P. and {Schrabback}, T. and {Sifon}, C. and {Sikkema}, G. and 
	{Simon}, P. and {Sutherland}, W. and {Tudorica}, A. and {Valentijn}, E. and 
	{van der Burg}, R. and {van Uitert}, E. and {van Waerbeke}, L. and 
	{Velander}, M. and {Kleijn}, G.~V. and {Viola}, M. and {Vriend}, W.-J.
	},
    title = "{The Kilo-Degree Survey}",
  journal = {The Messenger},
     year = 2013,
    month = dec,
   volume = 154,
    pages = {44-46},
   adsurl = {http://adsabs.harvard.edu/abs/2013Msngr.154...44J},
  adsnote = {Provided by the SAO/NASA Astrophysics Data System}
}

@INPROCEEDINGS{PanSTARRS_2010,
   author = {{Kaiser}, N. and {Burgett}, W. and {Chambers}, K. and {Denneau}, L. and 
	{Heasley}, J. and {Jedicke}, R. and {Magnier}, E. and {Morgan}, J. and 
	{Onaka}, P. and {Tonry}, J.},
    title = "{The Pan-STARRS wide-field optical/NIR imaging survey}",
booktitle = {Society of Photo-Optical Instrumentation Engineers (SPIE) Conference Series},
     year = 2010,
   series = {Society of Photo-Optical Instrumentation Engineers (SPIE) Conference Series},
   volume = 7733,
    month = jul,
      eid = {77330E},
      doi = {10.1117/12.859188},
   adsurl = {http://adsabs.harvard.edu/abs/2010SPIE.7733E..0EK},
  adsnote = {Provided by the SAO/NASA Astrophysics Data System}
}

@ARTICLE{LSST_Book,
   author = {{LSST Science Collaboration} and {Abell}, P.~A. and {Allison}, J. and 
	{Anderson}, S.~F. and {Andrew}, J.~R. and {Angel}, J.~R.~P. and 
	{Armus}, L. and {Arnett}, D. and {Asztalos}, S.~J. and {Axelrod}, T.~S. and et al.},
    title = "{LSST Science Book, Version 2.0}",
  journal = {preprint (arXiv:0912.0201)},
archivePrefix = "arXiv",
   eprint = {0912.0201},
 primaryClass = "astro-ph.IM",
 keywords = {Astrophysics - Instrumentation and Methods for Astrophysics, Astrophysics - Cosmology and Extragalactic Astrophysics, Astrophysics - Earth and Planetary Astrophysics, Astrophysics - Galaxy Astrophysics, Astrophysics - Solar and Stellar Astrophysics},
     year = 2009,
    month = dec,
   adsurl = {http://adsabs.harvard.edu/abs/2009arXiv0912.0201L},
  adsnote = {Provided by the SAO/NASA Astrophysics Data System}
}

@ARTICLE{WFIRST_Final,
   author = {{Green}, J. and {Schechter}, P. and {Baltay}, C. and {Bean}, R. and 
	{Bennett}, D. and {Brown}, R. and {Conselice}, C. and {Donahue}, M. and 
	{Fan}, X. and {Gaudi}, B.~S. and {Hirata}, C. and {Kalirai}, J. and 
	{Lauer}, T. and {Nichol}, B. and {Padmanabhan}, N. and {Perlmutter}, S. and 
	{Rauscher}, B. and {Rhodes}, J. and {Roellig}, T. and {Stern}, D. and 
	{Sumi}, T. and {Tanner}, A. and {Wang}, Y. and {Weinberg}, D. and 
	{Wright}, E. and {Gehrels}, N. and {Sambruna}, R. and {Traub}, W. and 
	{Anderson}, J. and {Cook}, K. and {Garnavich}, P. and {Hillenbrand}, L. and 
	{Ivezic}, Z. and {Kerins}, E. and {Lunine}, J. and {McDonald}, P. and 
	{Penny}, M. and {Phillips}, M. and {Rieke}, G. and {Riess}, A. and 
	{van der Marel}, R. and {Barry}, R.~K. and {Cheng}, E. and {Content}, D. and 
	{Cutri}, R. and {Goullioud}, R. and {Grady}, K. and {Helou}, G. and 
	{Jackson}, C. and {Kruk}, J. and {Melton}, M. and {Peddie}, C. and 
	{Rioux}, N. and {Seiffert}, M.},
    title = "{Wide-Field InfraRed Survey Telescope (WFIRST) Final Report}",
  journal = {preprint (arXiv:1208.4012)},
archivePrefix = "arXiv",
   eprint = {1208.4012},
 primaryClass = "astro-ph.IM",
 keywords = {Astrophysics - Instrumentation and Methods for Astrophysics},
     year = 2012,
    month = aug,
   adsurl = {http://adsabs.harvard.edu/abs/2012arXiv1208.4012G},
  adsnote = {Provided by the SAO/NASA Astrophysics Data System}
}

@ARTICLE{WFIRST_AFTA_FINAL,
   author = {{Spergel}, D. and {Gehrels}, N. and {Breckinridge}, J. and {Donahue}, M. and 
	{Dressler}, A. and {Gaudi}, B.~S. and {Greene}, T. and {Guyon}, O. and 
	{Hirata}, C. and {Kalirai}, J. and {Kasdin}, N.~J. and {Moos}, W. and 
	{Perlmutter}, S. and {Postman}, M. and {Rauscher}, B. and {Rhodes}, J. and 
	{Wang}, Y. and {Weinberg}, D. and {Centrella}, J. and {Traub}, W. and 
	{Baltay}, C. and {Colbert}, J. and {Bennett}, D. and {Kiessling}, A. and 
	{Macintosh}, B. and {Merten}, J. and {Mortonson}, M. and {Penny}, M. and 
	{Rozo}, E. and {Savransky}, D. and {Stapelfeldt}, K. and {Zu}, Y. and 
	{Baker}, C. and {Cheng}, E. and {Content}, D. and {Dooley}, J. and 
	{Foote}, M. and {Goullioud}, R. and {Grady}, K. and {Jackson}, C. and 
	{Kruk}, J. and {Levine}, M. and {Melton}, M. and {Peddie}, C. and 
	{Ruffa}, J. and {Shaklan}, S.},
    title = "{Wide-Field InfraRed Survey Telescope-Astrophysics Focused Telescope Assets WFIRST-AFTA Final Report}",
  journal = {ArXiv e-prints},
archivePrefix = "arXiv",
   eprint = {1305.5422},
 primaryClass = "astro-ph.IM",
 keywords = {Astrophysics - Instrumentation and Methods for Astrophysics},
     year = 2013,
    month = may,
   adsurl = {http://adsabs.harvard.edu/abs/2013arXiv1305.5422S},
  adsnote = {Provided by the SAO/NASA Astrophysics Data System}
}

@ARTICLE{KEVIN_MSTAR,
   author = {{Bundy}, K. and {Ellis}, R.~S. and {Conselice}, C.~J. and {Taylor}, J.~E. and 
	{Cooper}, M.~C. and {Willmer}, C.~N.~A. and {Weiner}, B.~J. and 
	{Coil}, A.~L. and {Noeske}, K.~G. and {Eisenhardt}, P.~R.~M.
	},
    title = "{The Mass Assembly History of Field Galaxies: Detection of an Evolving Mass Limit for Star-Forming Galaxies}",
  journal = {\apj},
   eprint = {astro-ph/0512465},
 keywords = {Cosmology: Observations, Galaxies: Evolution, Galaxies: Formation},
     year = 2006,
    month = nov,
   volume = 651,
    pages = {120-141},
      doi = {10.1086/507456},
   adsurl = {http://adsabs.harvard.edu/abs/2006ApJ...651..120B},
  adsnote = {Provided by the SAO/NASA Astrophysics Data System}
}

@ARTICLE{HS03,
   author = {{Hirata}, C. and {Seljak}, U.},
    title = "{Shear calibration biases in weak-lensing surveys}",
  journal = {\mnras},
   eprint = {astro-ph/0301054},
 keywords = {gravitational lensing, methods: data analysis},
     year = 2003,
    month = aug,
   volume = 343,
    pages = {459-480},
      doi = {10.1046/j.1365-8711.2003.06683.x},
   adsurl = {http://adsabs.harvard.edu/abs/2003MNRAS.343..459H},
  adsnote = {Provided by the SAO/NASA Astrophysics Data System}
}

@ARTICLE{BJ02,
   author = {{Bernstein}, G.~M. and {Jarvis}, M.},
    title = "{Shapes and Shears, Stars and Smears: Optimal Measurements for Weak Lensing}",
  journal = {\aj},
   eprint = {astro-ph/0107431},
 keywords = {Cosmology: Gravitational Lensing, Methods: Data Analysis, Techniques: Image Processing},
     year = 2002,
    month = feb,
   volume = 123,
    pages = {583-618},
      doi = {10.1086/338085},
   adsurl = {http://adsabs.harvard.edu/abs/2002AJ....123..583B},
  adsnote = {Provided by the SAO/NASA Astrophysics Data System}
}

@INPROCEEDINGS{mpfit2fun,
   author = {{Markwardt}, C.~B.},
    title = "{Non-linear Least-squares Fitting in IDL with MPFIT}",
booktitle = {Astronomical Data Analysis Software and Systems XVIII},
     year = 2009,
   series = {Astronomical Society of the Pacific Conference Series},
   volume = 411,
archivePrefix = "arXiv",
   eprint = {0902.2850},
 primaryClass = "astro-ph.IM",
   editor = {{Bohlender}, D.~A. and {Durand}, D. and {Dowler}, P.},
    month = sep,
    pages = {251},
   adsurl = {http://adsabs.harvard.edu/abs/2009ASPC..411..251M},
  adsnote = {Provided by the SAO/NASA Astrophysics Data System}
}

@ARTICLE{ChabrierIMF,
   author = {{Chabrier}, G.},
    title = "{Galactic Stellar and Substellar Initial Mass Function}",
  journal = {\pasp},
   eprint = {astro-ph/0304382},
 keywords = {Galaxies: Luminosity Function, Mass Function, Invited Reviews},
     year = 2003,
    month = jul,
   volume = 115,
    pages = {763-795},
      doi = {10.1086/376392},
   adsurl = {http://adsabs.harvard.edu/abs/2003PASP..115..763C},
  adsnote = {Provided by the SAO/NASA Astrophysics Data System}
}

@ARTICLE{2003ApJ...592..819B,
   author = {{Blanton}, M.~R. and {Hogg}, D.~W. and {Bahcall}, N.~A. and 
	{Brinkmann}, J. and {Britton}, M. and {Connolly}, A.~J. and 
	{Csabai}, I. and {Fukugita}, M. and {Loveday}, J. and {Meiksin}, A. and 
	{Munn}, J.~A. and {Nichol}, R.~C. and {Okamura}, S. and {Quinn}, T. and 
	{Schneider}, D.~P. and {Shimasaku}, K. and {Strauss}, M.~A. and 
	{Tegmark}, M. and {Vogeley}, M.~S. and {Weinberg}, D.~H.},
    title = "{The Galaxy Luminosity Function and Luminosity Density at Redshift z = 0.1}",
  journal = {\apj},
   eprint = {astro-ph/0210215},
 keywords = {Galaxies: Luminosity Function, Mass Function, Galaxies: Statistics},
     year = 2003,
    month = aug,
   volume = 592,
    pages = {819-838},
      doi = {10.1086/375776},
   adsurl = {http://adsabs.harvard.edu/abs/2003ApJ...592..819B},
  adsnote = {Provided by the SAO/NASA Astrophysics Data System}
}

@ARTICLE{1999ApJ...518..533L,
   author = {{Lin}, H. and {Yee}, H.~K.~C. and {Carlberg}, R.~G. and {Morris}, S.~L. and 
	{Sawicki}, M. and {Patton}, D.~R. and {Wirth}, G. and {Shepherd}, C.~W.
	},
    title = "{The CNOC2 Field Galaxy Luminosity Function. I. A Description of Luminosity Function Evolution}",
  journal = {\apj},
   eprint = {astro-ph/9902249},
 keywords = {COSMOLOGY: OBSERVATIONS, GALAXIES: EVOLUTION, GALAXIES: FUNDAMENTAL PARAMETERS, GALAXIES: LUMINOSITY FUNCTION, MASS FUNCTION, SURVEYS, Cosmology: Observations, Galaxies: Evolution, Galaxies: Fundamental Parameters, Galaxies: Luminosity Function, Mass Function, Surveys},
     year = 1999,
    month = jun,
   volume = 518,
    pages = {533-561},
      doi = {10.1086/307297},
   adsurl = {http://adsabs.harvard.edu/abs/1999ApJ...518..533L},
  adsnote = {Provided by the SAO/NASA Astrophysics Data System}
}
